<record><leader>00000cas a22000007a 4500</leader><controlfield tag="001">16405980</controlfield><controlfield tag="008">870807d193419uuinumr ne      0    0eng d</controlfield><datafield ind1=" " ind2=" " tag="010"><subfield code="a">sn 87056449 </subfield></datafield><datafield ind1=" " ind2=" " tag="040"><subfield code="a">NPI</subfield><subfield code="b">eng</subfield><subfield code="c">NPI</subfield><subfield code="d">OCLCQ</subfield></datafield><datafield ind1=" " ind2=" " tag="042"><subfield code="a">msc</subfield></datafield><datafield ind1="0" ind2=" " tag="130"><subfield code="a">Indianapolis Republican (Indianapolis, Ind. : 1934)</subfield></datafield><datafield ind1="1" ind2="4" tag="245"><subfield code="a">The Indianapolis Republican.</subfield></datafield><datafield ind1=" " ind2=" " tag="260"><subfield code="a">Indianapolis, Ind. :</subfield><subfield code="b">John B. Brewer</subfield></datafield><datafield ind1=" " ind2=" " tag="310"><subfield code="a">Monthly</subfield></datafield><datafield ind1="1" ind2=" " tag="362"><subfield code="a">Began in 1934?</subfield></datafield><datafield ind1=" " ind2=" " tag="588"><subfield code="a">Description based on: Sept. 1940.</subfield></datafield><datafield ind1=" " ind2=" " tag="752"><subfield code="a">United States</subfield><subfield code="b">Indiana</subfield><subfield code="c">Marion</subfield><subfield code="d">Indianapolis.</subfield></datafield></record>